@inproceedings{bernstein2008twisted,
  title={Twisted edwards curves},
  author={Bernstein, Daniel J and Birkner, Peter and Joye, Marc and Lange, Tanja and Peters, Christiane},
  booktitle={International Conference on Cryptology in Africa},
  pages={389--405},
  year={2008},
  organization={Springer}
}

@inproceedings{hisil2008twisted,
  title={Twisted Edwards curves revisited},
  author={Hisil, Huseyin and Wong, Kenneth Koon-Ho and Carter, Gary and Dawson, Ed},
  booktitle={International Conference on the Theory and Application of Cryptology and Information Security},
  pages={326--343},
  year={2008},
  organization={Springer}
}